<?xml version="1.0" encoding="UTF-8"?><collection xmlns="http://www.loc.gov/MARC21/slim"><record><leader>00441nam--2200145-i-4500</leader><controlfield tag="001">000041653</controlfield><controlfield tag="002">20161230</controlfield><controlfield tag="005">20170103223956</controlfield><controlfield tag="008">060222s1000------------r-----000-0-eng-d</controlfield><datafield ind1=" " ind2=" " tag="080"><subfield code="a">550.34</subfield></datafield><datafield ind1=" " ind2=" " tag="245"><subfield code="a">Rapport Sur Les Observations Seismologiques Faites Pendant Les Annees 1920-25 A L`Obdervatoire De Budapest</subfield></datafield><datafield ind1=" " ind2=" " tag="260"><subfield code="a">Publ.De L`Observatoire Seismologique De Budapest</subfield></datafield><datafield ind1=" " ind2=" " tag="300"><subfield code="a">31 p</subfield></datafield><datafield ind1=" " ind2=" " tag="852"><subfield code="a">48183</subfield></datafield><datafield ind1=" " ind2=" " tag="CAT"><subfield code="a">SYS</subfield><subfield code="c">20170103</subfield><subfield code="h">223956</subfield></datafield></record></collection>